@misc{Hadoop,
	author = {The Apache Software Foundation},
	title = {Welcome to Apache Hadoop},
	month = Nov,
	year = {2012},
	howpublished = {\url{http://hadoop.apache.org/}}
}

@misc{Fay,
	author = {Chris Done},
	title = {The Fay Programming Language - A Haskell subset},
	month = Nov,
	year = {2012},
	howpublished = {\url{http://fay-lang.org/}}
}

@misc{CasualGridComp,
	author = {Martin Remy},
	title = {Casual Grid Computing in the Browser?},
	month = Mar,
	year = {2009},
	howpublished = {\url{http://memo.martinremy.com/2009/03/17/casual-grid-computing-in-the-browser/}}
}

@misc{HttpClient,
	title = {HttpComponents HttpClient Overview},
	howpublished = {\url{http://hc.apache.org/httpcomponents-client-ga/}}
}
